@article{CGGR2000,
  author    = {Calvetti, D. and Golub, G. H. and Gragg, W. B. and Reichel, L.},
  doi       = {10.1090/s0025-5718-00-01174-1},
  groups    = {Quadrature},
  issn      = {0025-5718},
  journal   = {Mathematics of Computation},
  number    = {231},
  pages     = {1035--1053},
  publisher = {American Mathematical Society (AMS)},
  title     = {Computation of Gauss-Kronrod quadrature rules},
  volume    = {69},
  year      = {2000}
}

@article{GC2003,
  author    = {Genz, A. and Cools, R.},
  doi       = {10.1145/838250.838254},
  groups    = {Adaptive},
  issn      = {0098-3500},
  journal   = {ACM Transactions on Mathematical Software},
  number    = {3},
  pages     = {297--308},
  publisher = {Association for Computing Machinery (ACM)},
  title     = {An adaptive numerical cubature algorithm for simplices},
  volume    = {29},
  year      = {2003},
  zbl       = {1072.65032},
  zbmath    = {2187854}
}

@article{GM1978,
  author    = {Grundmann, A. and MÃ¶ller, H. M.},
  doi       = {10.1137/0715019},
  groups    = {Quadrature},
  issn      = {1095-7170},
  journal   = {SIAM Journal on Numerical Analysis},
  number    = {2},
  pages     = {282--290},
  publisher = {Society for Industrial & Applied Mathematics (SIAM)},
  title     = {Invariant Integration Formulas for the n-Simplex by Combinatorial Methods},
  volume    = {15},
  year      = {1978}
}

@article{Mon2001,
  author    = {Monegato, G.},
  doi       = {10.1023/a:1016640617732},
  groups    = {Quadrature},
  issn      = {1017-1398},
  journal   = {Numerical Algorithms},
  number    = {2},
  pages     = {173--196},
  publisher = {Springer Science and Business Media LLC},
  title     = {An overview of the computational aspects of Kronrod quadrature rules},
  volume    = {26},
  year      = {2001}
}

@phdthesis{Pon2010,
  author = {Pond, K. R.},
  groups = {Adaptive},
  school = {{Virginia Tech}},
  title  = {{Multidimensional Adaptive Quadrature Over Simplices}},
  url    = {http://hdl.handle.net/10919/28699},
  year   = {2010}
}

@article{Sil1970,
  author    = {Silvester, P.},
  doi       = {10.1090/s0025-5718-1970-0258283-6},
  groups    = {Quadrature},
  issn      = {1088-6842},
  journal   = {Mathematics of Computation},
  number    = {109},
  pages     = {95--100},
  publisher = {American Mathematical Society (AMS)},
  title     = {Symmetric quadrature formulae for simplexes},
  volume    = {24},
  year      = {1970}
}

@book{Wal2000,
  author    = {Walkington, N.},
  groups    = {Quadrature},
  publisher = {Carnegie Mellon University, Department of Mathematical Sciences, Center for Nonlinear Analysis.},
  title     = {Quadrature on simplices of arbitrary dimension},
  year      = {2000}
}

@article{WSJ2014,
  author    = {Williams, D. M. and Shunn, L. and Jameson, A.},
  doi       = {10.1016/j.cam.2014.01.007},
  groups    = {Quadrature},
  issn      = {0377-0427},
  journal   = {Journal of Computational and Applied Mathematics},
  pages     = {18--38},
  publisher = {Elsevier BV},
  title     = {Symmetric quadrature rules for simplexes based on sphere close packed lattice arrangements},
  volume    = {266},
  year      = {2014},
  zbl       = {1293.65039},
  zbmath    = {6325187}
}

@Comment{jabref-meta: databaseType:bibtex;}

@Comment{jabref-meta: grouping:
0 AllEntriesGroup:;
1 StaticGroup:Adaptive\;0\;1\;0x4d66ccff\;\;\;;
1 StaticGroup:Quadrature\;0\;1\;0xff6666ff\;\;\;;
}
